@misc{bureau2008hyperdonat,
	title        = {Hyperdonat, commentaire attribu{\'e} {\`a} Aelius Donat aux com{\'e}dies de T{\'e}rence},
	author       = {Bureau, Bruno and Nicolas, Christian and Ingarao, Maud},
	year         = 2008
}
@misc{camps2021creation,
	title        = {Cr{\'e}ation de mod{\`e}le (s) HTR pour les documents m{\'e}di{\'e}vaux en ancien fran{\c{c}}ais et moyen fran{\c{c}}ais entre le Xe-XIVe si{\`e}cle S{\'e}ance 3: L’allographie, entre besoins scientifiques et pragmatiques. Comment mod{\'e}liser et optimiser les donn{\'e}es d’entra{\^\i}nement pour l’HTR (I)?},
	author       = {Pinche, Ariane  and Camps, Jean-Baptiste and Duval, Fr{\'e}d{\'e}ric},
	year         = 2021
}

@misc{chague2021htr,
	title        = {HTR-United: Mutualisons la v{\'e}rit{\'e} de terrain!},
	author       = {Chagu{\'e}, Alix and Cl{\'e}rice, Thibault and Romary, Laurent},
	year         = 2021
}
@inproceedings{chague2022sharing,
	title        = {Sharing HTR datasets with standardized metadata: the HTR-United initiative},
	author       = {Chagu{\'e}, Alix and Cl{\'e}rice, Thibault},
	year         = 2022,
	booktitle    = {Documents anciens et reconnaissance automatique des {\'e}critures manuscrites}
}
@inproceedings{chague2022conditions,
	title        = {Conditions de la mutualisation: les principes FAIR et HTR-United},
	author       = {Chagu{\'e}, Alix},
	year         = 2022,
	booktitle    = {Humanistica 2022}
}
@misc{Chague_HTR-United_Ground_Truth,
	title        = {HTR-United: Ground Truth Resources for the HTR and OCR of patrimonial documents},
	author       = {Chagué, Alix and Clérice, Thibault},
	year         = 2020,
	type         = {dataset}
}
@misc{Clerice_CREMMA-Medieval-LAT,
	title        = {CREMMA-Medieval-LAT},
	author       = {Clérice , Thibault and Chagué , Alix  and Vlachou-Efstathiou , Malamatenia},
	url          = {https://github.com/HTR-United/CREMMA-Medieval-LAT}
}
@misc{vlachou-efstathiou2022voss,
	title        = {{Voss.Lat.O.41 - Eutyches "de uerbo" glossed}},
	author       = {Vlachou-Efstathiou, Malamatenia},
	year         = 2022,
	month        = 6,
	url          = {https://github.com/malamatenia/Eutyches}
}
@misc{Clerice_Choco-Mufin_a_tool_2021,
	title        = {Choco-Mufin, a tool for controlling characters used in OCR and HTR projects},
	author       = {Clérice, Thibault and Pinche, Ariane},
	year         = 2021,
	month        = 9,
	doi          = {10.5281/zenodo.5356154},
	url          = {https://github.com/PonteIneptique/choco-mufin},
	version      = {0.0.4}
}
@misc{Clerice_HTRVX_HTR_Validation_2021,
	title        = {HTRVX, HTR Validation with XSD},
	author       = {Clérice, Thibault and Pinche, Ariane},
	year         = 2021,
	month        = 9,
	doi          = {10.5281/zenodo.5359963},
	url          = {https://github.com/HTR-United/HTRVX},
	version      = {0.0.1}
}
@book{coulson2020oxford,
	title        = {The Oxford Handbook of Latin Palaeography},
	author       = {Coulson, Frank and Babcock, Robert},
	year         = 2020,
	publisher    = {Oxford University Press, USA}
}
@book{derolez2003palaeography,
	title        = {The palaeography of Gothic manuscript books: From the twelfth to the early sixteenth century},
	author       = {Derolez, Albert},
	year         = 2003,
	publisher    = {Cambridge University Press}
}
@techreport{eichenberger_nicole_2021_5582483,
	title        = {Faithful Transcriptions Data Set: TEI/XML-encoded Transcriptions of Medieval Theological Manuscripts},
	author       = {Eichenberger, Nicole and Suwelack, Hedwig},
	year         = 2021,
	month        = oct,
	publisher    = {Zenodo},
	doi          = {10.5281/zenodo.5582483},
	url          = {https://doi.org/10.5281/zenodo.5582483},
	version      = {1.0}
}
@inproceedings{gabay2021segmonto,
	title        = {SegmOnto: common vocabulary and practices for analysing the layout of manuscripts (and more)},
	author       = {Gabay, Simon and Camps, Jean-Baptiste and Pinche, Ariane and Jahan, Claire},
	year         = 2021,
	booktitle    = {16th International Conference on Document Analysis and Recognition (ICDAR 2021)}
}
@misc{haugen2009mufi,
	title        = {MUFI character recommendation v. 3.0},
	author       = {Haugen, Odd Einar},
	year         = 2009,
	publisher    = {Medieval Unicode Font Initiative}
}
@article{hawk2018modelling,
	title        = {Modelling medieval hands: practical OCR for Caroline minuscule},
	author       = {Hawk, Brandon and Karaisl, Antonia and White, Nick},
	year         = 2018,
	volume = 13,
	issue = 1,
	journal = {Digital Humanities Quaterly}
}
@inproceedings{kahle2017transkribus,
	title        = {Transkribus-a service platform for transcription, recognition and retrieval of historical documents},
	author       = {Kahle, Philip and Colutto, Sebastian and Hackl, G{\"u}nter and M{\"u}hlberger, G{\"u}nter},
	year         = 2017,
	booktitle    = {2017 14th IAPR International Conference on Document Analysis and Recognition (ICDAR)},
	volume       = 4,
	pages        = {19--24},
	organization = {IEEE}
}
@inproceedings{kiessling2019escriptorium,
	title        = {eScriptorium: an open source platform for historical document analysis},
	author       = {Kiessling, Benjamin and Tissot, Robin and Stokes, Peter and Ezra, Daniel St{\"o}kl Ben},
	year         = 2019,
	booktitle    = {2019 International Conference on Document Analysis and Recognition Workshops (ICDARW)},
	volume       = 2,
	pages        = {19--19},
	organization = {IEEE}
}
@misc{Kiessling_The_Kraken_OCR_2022,
	title        = {The Kraken OCR system},
	author       = {Kiessling, Benjamin},
	year         = 2022,
	month        = 4,
	url          = {https://kraken.re},
	version      = {4.1.2},
	type         = {software}
}
@inproceedings{pinche2016hyperdonat,
	title        = {Hyperdonat, digital edition project},
	author       = {Pinche, Ariane and Bureau, Bruno and Nicolas, Christian},
	year         = 2016,
	booktitle    = {TEI Conference and Members’ Meeting 2016}
}
@inproceedings{pinche2022cremmalab,
	title        = {CremmaLab project: Transcription guidelines and HTR models for French medieval manuscripts},
	author       = {Pinche, Ariane and Camps, Jean-Baptiste},
	year         = 2022,
	booktitle    = {Colloque" Documents anciens et reconnaissance automatique des {\'e}critures manuscrites"}
}

@inproceedings{pinche2022cremmalabposter,
  title={CREMMALab Project: Handwritten text recognition (HTR) for medieval manuscripts},
  author={Pinche, Ariane},
  booktitle={Digital Humanities 2022},
  year={2022}
}

@inproceedings{pinche2022images,
	title        = {Des images au texte: comment apprendre {\`a} des ordinateurs {\`a} lire des manuscrits m{\'e}di{\'e}vaux?},
	author       = {Pinche, Ariane},
	year         = 2022,
	booktitle    = {S{\'e}minaire {\guillemotleft}De l’{\'e}crit {\`a} l’{\'e}cran. Objets num{\'e}riques et mat{\'e}rialit{\'e} des sources {\'e}crites{\guillemotright}}
}
@misc{Pinche_Cremma_Medieval_2022,
	title        = {Cremma Medieval},
	author       = {Pinche, Ariane},
	year         = 2022,
	month        = 6,
	url          = {https://github.com/HTR-United/cremma-medieval}
}
@phdthesis{pinche_edition_nodate,
	title        = {Édition nativement numérique des oeuvres hagiographiques "Li Seint Confessor" de Wauchier de Denain d'après le manuscrit 412 de la Bibliothèque Nationale de France.},
	author       = {Pinche, Ariane},
	year         = 2021,
	month        = {May},
	url          = {http://www.theses.fr/s150996},
	urldate      = {2017-05-09},
	institution  = {Lyon 3}
}
@unpublished{pinche:hal-03697382,
	title        = {{Guide de transcription pour les manuscrits du Xe au XVe si{\`e}cle}},
	author       = {Pinche, Ariane},
	year         = 2022,
	month        = Jun,
	url          = {https://hal.archives-ouvertes.fr/hal-03697382},
	hal_id       = {hal-03697382},
	hal_version  = {v1}
}

@book{bischoff1985paleographie,
  title={Pal{\'e}ographie de l'Antiquit{\'e} romaine et du Moyen {\^A}ge},
  author={Bischoff, Bernhard},
  year={1985},
  publisher={Paris: Ed. Picard}
}

@book{cartelle1987liberminor,
  title={Liber minor de coitu: Tratado menor de Andrología. Anónimo salernitano.},
  author={Cartelle, Enrique Montero},
  year={1987},
  publisher={Universidad, Valladolid}
}

@book{cartelle1993tractatus,
  title={Tractatus de sterilitate: Anónimo de Montpellier (s. XIV)},
  author={Cartelle, Enrique Montero },
  year={1993},
  publisher={Universidad, Valladolid}
}

@article{cartelle2017questiones,
  title={Questiones de coitu},
  author={Cartelle, Enrique Montero},
  journal={Cuadernos de Filolog{\'\i}a Cl{\'a}sica. Estudios Latinos},
  volume={37},
  number={1},
  pages={51},
  year={2017},
  publisher={Universidad Complutense de Madrid}
}

@article{maniaci1993che,
  title={Che fare del proprio corpus?},
  author={Maniaci, Marilena},
  journal={Gazette du livre m{\'e}di{\'e}val},
  volume={22},
  number={1},
  pages={27--37},
  year={1993},
  publisher={Pers{\'e}e-Portail des revues scientifiques en SHS}
}

@article{smith2004derolez,
	title        = {Derolez (Albert), The Palaeography of Gothic Manuscript Books. From the Twelfth to the Early Sixteenth Century, Cambridge, 2003},
	author       = {Smith, Marc},
	year         = 2004,
	journal      = {Scriptorium},
	publisher    = {Pers{\'e}e-Portail des revues scientifiques en SHS},
	volume       = 58,
	number       = 2,
	pages        = {274--279}
}

@book{cappelli1899dizionario,
  title={Dizionario di abbreviature latine ed italiane: usate nelle carte e codici specialmente nel medio-evo ripprodotte con oltre 13000 segni incisi},
  author={Cappelli, Adriano},
  year={1899},
  publisher={Hoepli}
}

@incollection{charles_numerals,
    author = {Burnett, Charles},
    isbn = {9780195336948},
    title = "{25The Palaeography of Numerals}",
    booktitle = "{The Oxford Handbook of Latin Palaeography}",
    publisher = {Oxford University Press},
    year = {2020},
    month = {12},
}

@article{strobel2020much,
	title        = {How Much Data Do You Need? About the Creation of a Ground Truth for Black Letter and the Effectiveness of Neural OCR},
	author       = {Str{\"o}bel, Phillip Benjamin and Clematide, Simon and Volk, Martin},
	year         = 2020,
	publisher    = {ACL Anthology}
}

@incollection{plutaabbreviations2020,
    author = {Pluta, Olaf},
    isbn = {9780195336948},
    title = "{9Abbreviations}",
    booktitle = "{The Oxford Handbook of Latin Palaeography}",
    publisher = {Oxford University Press},
    year = {2020},
    month = {12},
    doi = {10.1093/oxfordhb/9780195336948.013.109}
}

@article{stutzmann2016clustering,
	title        = {Clustering of medieval scripts through computer image analysis: towards an evaluation protocol},
	author       = {Stutzmann, Dominique},
	year         = 2016,
	journal      = {Digital Medievalist},
	publisher    = {The Open Library Of Humanities},
	volume       = 10
}
@book{stuzmann2011paleographie,
	title        = {Pal{\'e}ographie statistique pour d{\'e}crire, identifier, dater... Normaliser pour coop{\'e}rer et aller plus loin?},
	author       = {Stuzmann, Dominique},
	year         = 2011,
	publisher    = {Books on Demand (BoD)},
	volume       = 3
}
@article{wills2016medieval,
	title        = {The Medieval Unicode Font Initiative},
	author       = {Wills, Tarrin},
	year         = 2016,
	journal      = {Medieval Unicode Font Initiative}
}
@article{bauer2000corpus,
	title        = {Corpus construction: A principle for qualitative data collection},
	author       = {Bauer, Martin W and Aarts, Bas},
	year         = 2000,
	journal      = {Qualitative researching with text, image and sound: A practical handbook},
	pages        = {19--37}
}
@misc{caroline,
	title        = {Caroline Minuscule by Rescribe},
	author       = {White, Nick and Karaisl, Antonia and Clérice, Thibault},
	year         = 2022,
	publisher    = {HTR United},
	url          = {https://github.com/rescribe/carolineminuscule-groundtruth},
	type         = dataset,
	editor       = {Chagué, Alix and Clérice, Thibault}
}
@misc{cremmaMedieval,
	title        = {Cremma Medieval},
	author       = {Pinche, Ariane},
	year         = 2022,
	month        = 6,
	doi          = {10.5281/zenodo.5235185},
	url          = {https://github.com/HTR-United/cremma-medieval}
}
@misc{DecameronFR,
	title        = {TNAH-2021-DecameronFR},
	author       = {Biay, Sébastien and Boby, Victor and Konstantinova, Kristina and Cappe, Zoé},
	year         = 2022,
	doi          = {10.5281/zenodo.6126376},
	url          = {https://github.com/PSL-Chartes-HTR-Students/TNAH-2021-DecameronFR}
}

@misc{gallicorpora15,
	title        = {Données HTR manuscrits du 15e siècle},
	author       = {Gabay, Simon and Pinche, Ariane and Leroy, Noé and Christensen, Kelly},
	year         = 2022,
	publisher    = {HTR United},
	url          = {https://github.com/Gallicorpora/HTR-MSS-15e-Siecle},
	type         = dataset,
	editor       = {Chagué, Alix and Clérice, Thibault}
}
@misc{eutyches,
	title        = {Voss.Lat.O.41 - Eutyches "de uerbo" glossed},
	author       = {Vlachou-Efstathiou, Malamatenia},
	year         = 2022,
	publisher    = {HTR United}
}
@unpublished{gueville:halshs-03725166,
  TITLE = {{Transcribing Medieval Manuscripts for Machine Learning}},
  AUTHOR = {Gueville, Estelle and Wrisley, David Joseph},
  URL = {https://halshs.archives-ouvertes.fr/halshs-03725166},
  NOTE = {working paper or preprint},
  YEAR = {2022},
  MONTH = Jul,
  KEYWORDS = {Paris Bible ; Latin Bible ; handwritten text recognition (HTR) ; Thirteenth Century Europe ; bias ; transcription norms ; computational text analysis},
  PDF = {https://halshs.archives-ouvertes.fr/halshs-03725166/file/Gueville_Wrisley_Transcribing_Medieval_Manuscripts.pdf},
  HAL_ID = {halshs-03725166},
  HAL_VERSION = {v1},
}

@article{witt2016digital,
  title={Digital Scholarly Editions as API Consuming Applications: lessons and examples from the Sentences Commentary Text Archive and LombardPress},
  author={Witt, Jeffrey C},
  journal={Digital Scholarly Editions as Interfaces},
  pages={24},
  year={2016}
}
@article{10.1093/llc/fqab033,
    author = {Camps, Jean-Baptiste and Clérice, Thibault and Pinche, Ariane},
    title = "{Noisy medieval data, from digitized manuscript to stylometric analysis: Evaluating Paul Meyer’s hagiographic hypothesis}",
    journal = {Digital Scholarship in the Humanities},
    volume = {36},
    number = {Supplement 2},
    pages = {ii49-ii71},
    year = {2021},
    month = {11},
    issn = {2055-7671},
    doi = {10.1093/llc/fqab033},
    url = {https://doi.org/10.1093/llc/fqab033},
}

@inproceedings{camps2021handling,
  title={Handling Heavily Abbreviated Manuscripts: HTR engines vs text normalisation approaches},
  author={Camps, Jean-Baptiste and Vidal-Gor{\`e}ne, Chahan and Vernet, Marguerite},
  booktitle={International Conference on Document Analysis and Recognition},
  pages={306--316},
  year={2021},
  organization={Springer}
}

@inproceedings{bluche2017preparatory,
  title={Preparatory KWS experiments for large-scale indexing of a vast medieval manuscript collection in the HIMANIS project},
  author={Bluche, Th{\'e}odore and Hamel, Sebastien and Kermorvant, Christopher and Puigcerver, Joan and Stutzmann, Dominique and Toselli, Alejandro H and Vidal, Enrique},
  booktitle={2017 14th IAPR international conference on document analysis and recognition (ICDAR)},
  volume={1},
  pages={311--316},
  year={2017},
  organization={IEEE}
}
@misc{textasimages,
    title = {Text as Image, Image as Text},
    author = {Gervers, Michael and Manton, Avery and Boutreux, Agnès and Elema, Ariella},
    institution = {University of Toronto},
    type = {Project},
    url = {https://www.utsc.utoronto.ca/research/prj/text-image-image-text-charter-integrity-and-topic-modelling},
    year = {2018},
    note = {Funded by the Social Sciences and Humanities Research Council of Canada (SSHRCC)}
}